@inproceedings{ssd,
  title   = {SSD: Single Shot MultiBox Detector},
  author  = {Wei Liu and 
             Dragomir Anguelov and 
             Dumitru Erhan and 
             Christian Szegedy and 
             Scott Reed and 
             Cheng-Yang Fu and 
             Alexander C. Berg},
  year    = 2016,
  URL     = {\url{http://arxiv.org/abs/1512.02325}},
  note    = {To appear.}
}

@article{yolo,
  author    = {Joseph Redmon and
               Santosh Kumar Divvala and
               Ross B. Girshick and
               Ali Farhadi},
  title     = {You Only Look Once: Unified, Real-Time Object Detection},
  journal   = {CoRR},
  volume    = {abs/1506.02640},
  year      = {2015},
  url       = {http://arxiv.org/abs/1506.02640},
  timestamp = {Wed, 01 Jul 2015 15:10:24 +0200},
  biburl    = {http://dblp.uni-trier.de/rec/bib/journals/corr/RedmonDGF15},
  bibsource = {dblp computer science bibliography, http://dblp.org}
}

@incollection{faster-rcnn,
  title     = {Faster R-CNN: Towards Real-Time Object Detection with Region Proposal Networks},
  author    = {Ren, Shaoqing and He, Kaiming and Girshick, Ross and Sun, Jian},
  booktitle = {Advances in Neural Information Processing Systems 28},
  editor    = {C. Cortes and N. D. Lawrence and D. D. Lee and M. Sugiyama and R. Garnett},
  pages     = {91--99},
  year      = {2015},
  publisher = {Curran Associates, Inc.},
  url       = {http://papers.nips.cc/paper/5638-faster-r-cnn-towards-real-time-object-detection-with-region-proposal-networks.pdf}
}

@article{resnet,
  author    = {Kaiming He and
               Xiangyu Zhang and
               Shaoqing Ren and
               Jian Sun},
  title     = {Deep Residual Learning for Image Recognition},
  journal   = {CoRR},
  volume    = {abs/1512.03385},
  year      = {2015},
  url       = {http://arxiv.org/abs/1512.03385},
  timestamp = {Wed, 30 Mar 2016 23:40:00 +0200},
  biburl    = {http://dblp.uni-trier.de/rec/bib/journals/corr/HeZRS15},
  bibsource = {dblp computer science bibliography, http://dblp.org}
}

@article{squeezenet,
  author    = {Forrest N. Iandola and
               Matthew W. Moskewicz and
               Khalid Ashraf and
               Song Han and
               William J. Dally and
               Kurt Keutzer},
  title     = {SqueezeNet: AlexNet-level accuracy with 50x fewer parameters and {\textless}1MB
               model size},
  journal   = {CoRR},
  volume    = {abs/1602.07360},
  year      = {2016},
  url       = {http://arxiv.org/abs/1602.07360},
  timestamp = {Tue, 01 Mar 2016 17:47:25 +0100},
  biburl    = {http://dblp.uni-trier.de/rec/bib/journals/corr/IandolaMAHDK16},
  bibsource = {dblp computer science bibliography, http://dblp.org}
}

@article{cpm,
  author    = {Shih{-}En Wei and
               Varun Ramakrishna and
               Takeo Kanade and
               Yaser Sheikh},
  title     = {Convolutional Pose Machines},
  journal   = {CoRR},
  volume    = {abs/1602.00134},
  year      = {2016},
  url       = {http://arxiv.org/abs/1602.00134},
  timestamp = {Tue, 01 Mar 2016 17:47:25 +0100},
  biburl    = {http://dblp.uni-trier.de/rec/bib/journals/corr/WeiRKS16},
  bibsource = {dblp computer science bibliography, http://dblp.org}
}

@article{squeezedet,
  author    = {Bichen Wu and
               Forrest N. Iandola and
               Peter H. Jin and
               Kurt Keutzer},
  title     = {SqueezeDet: Unified, Small, Low Power Fully Convolutional Neural Networks
               for Real-Time Object Detection for Autonomous Driving},
  journal   = {CoRR},
  volume    = {abs/1612.01051},
  year      = {2016},
  url       = {http://arxiv.org/abs/1612.01051},
  timestamp = {Mon, 02 Jan 2017 11:09:15 +0100},
  biburl    = {http://dblp.uni-trier.de/rec/bib/journals/corr/WuIJK16},
  bibsource = {dblp computer science bibliography, http://dblp.org}
}

@article{sact,
  author    = {Michael Figurnov and
    Maxwell D. Collins and
      Yukun Zhu and
      Li Zhang and
      Jonathan Huang and
      Dmitry P. Vetrov and
      Ruslan Salakhutdinov},
  title     = {Spatially Adaptive Computation Time for Residual Networks},
  journal   = {CoRR},
  volume    = {abs/1612.02297},
  year      = {2016},
  url       = {http://arxiv.org/abs/1612.02297},
  timestamp = {Mon, 02 Jan 2017 11:09:15 +0100},
  biburl    = {http://dblp.uni-trier.de/rec/bib/journals/corr/FigurnovCZZHVS16},
  bibsource = {dblp computer science bibliography, http://dblp.org}
}
